@book{web-navigation,
  author       = "Fleming, Jennifer",
  title        = "Web Navigation: Designing the User Experience",
  publisher    = "O'Reilly \& Associates",
  year         = "1998",
  address      = "Sebastopol",
  note         = "Klasse Buch darüber, wie Navigation funktioniert und wie man strategisch an eine Website herangeht."
}

@book{web-style-guide,
  author       = "Lynch, Patrick J. and Horton, Sarah",
  title        = "Web Style Guide: Basic Design Principles for Creating Web Sites",
  publisher    = "Yale University Press",
  year         = "2002",
  edition      = "2nd",
  note         = "Eins der Standardbücher zum Thema Ergonomie im Web."
}

@book{everyday-things,
  author       = "Norman, Donald A.",
  title        = "The Design of Everyday Things",
  publisher    = "Basic Books",
  year         = "2002",
  address      = "New York",
  note         = "Herzerfrischendes Buch darüber, wie Benutzbarkeit (oder deren Abwesenheit) generell aussehen kann."
}

@book{non-designer,
  author       = "Williams, Robin",
  title        = "The Non-Designer's Design Book: Design and Typographic Principles for the Visual Novice",
  publisher    = "Peachpit Press",
  year         = "2003",
  address      = "Berkeley",
  edition      = "2nd",
  note         = "Klasse aufgemachtes Buch über Grafikdesign. Sehr gut verständlich und angenehm zu lesen."
}

@book{non-designers-web-book,
  author       = "Williams, Robin",
  title        = "The Non-Designer's Web Book: An easy guide to creating, designing and posting your own web site",
  publisher    = "Peachpit Press",
  year         = "2005",
  address      = "Berkeley",
  edition      = "3rd",
  note         = "Sehr gut verständliches Einsteiger-Buch über visuelles Webdesign. Vernachlüssigt leider die Punkte Barrierefreiheit, Standards, semantischer Code, browserübergreifendes und technisch korrektes Webdesign sowie Webdesign für größere Sites und stellt einige Dinge schlicht falsch dar. Als Ergänzung ganz nett, wenn man weiß, welche Dinge falsch, unvollständig oder einfach ungünstig sind."
}

@book{open-sources,
  author       = "DiBona, Chris and Ockman,Sam  and Stone, Mark",
  title        = "Open Sources: Voices from the Open Source Revolution",
  publisher    = "O'Reilly",
  year         = "1999",
  address      = "Sebastopol",
  note         = "Die Geschichten von verschiedenen Open-Source-Projekten (unter anderem Mozilla). Sehr aufschlussreich zu lesen."
}

@book{selfhtml,
  author       = "Münz, Stefan and Nefzger, Wolfgang ",
  title        = "HTML-Handbuch",
  publisher    = "Franzis",
  year         = "2005",
  address      = "Poing",
  note         = "Das aus SelfHTML hervorgegangene Standardwerk zu HTML, XHTML, CSS und DHTML. Sehr dick."
}

@book{homepage-usability,
  author       = "Nielsen, Jacob",
  title        = "Designing Web Usability/Homepage Usability",
  publisher    = "Zweitausendeins",
  year         = "2001",
  address      = "Frankfurt am Main",
  edition      = "2nd",
  note         = "Netter Doppelband des Standardwerkes zu Web-Usability. In der einen Hälfte nimmt der Usability-Guru Jacob Nielsen bekannte Websites auseinander, und die andere Hälfte erklärt die Prinzipien der Benutzbarkeit. Leider ist die Übersetzung nicht sehr gut, also statt der deutschen Doppelausgabe lieber die beiden englischsprachigen Einzelbünde lesen. An einigen Stellen ist das Buch schon etwas angestaubt."
}

@book{castro-html,
  author       = "Castro, Elizabeth",
  title        = "Creating a Web Page with HTML",
  publisher    = "Peachpit Press",
  year         = "2005",
  address      = "Berkeley",
  note         = "Ein ausgezeichnet verständliches Einsteigerbuch zu Webdesign. Technisch auf der Hühe der Zeit. Wenn ihr euch nur ein einziges Buch zum Einstieg kaufen wollt, dann nehmt dieses. Als Anschlusslektüre an dieses Buch empfiehlt sich \cite{dwws}."
}

@book{dwws,
  author       = "Zeldman, Jeffrey",
  title        = "Designing with Web Standards",
  publisher    = "New Riders",
  year         = "2003",
  address      = "Indianapolis",
  note         = "Ein Augen öffnendes Buch darüber, wie man standardskonforme, schnell zu ladende und leicht zu pflegende Sites nach dem aktuellen Stand der Technik baut. Wenn ihr \cite{castro-html} gelesen habt (oder schon ein bisschen Webdesign gemacht habt), dann kauft dieses Buch. Ein absolutes Muss. Als Anschlusslektüre an dieses Buch empfiehlt sich \cite{stylin-with-css}."
}

@book{stylin-with-css,
  author       = "Wyke-Smith, Charles",
  title        = "Styling' with CSS: A Designer's Guide",
  publisher    = "New Riders",
  year         = "2008",
  edition      = "2.",
  address      = "Berkeley",
  note         = "Sehr detailliertes und reich bebildertes Buch über die Feinheiten von CSS und die Eigenheiten der Browser. Lest dieses Buch, nachdem ihr \cite{dwws} gelesen habt."
}

@book{webdesign-on-a-shoestring,
  author       = "Bickner, Carrie",
  title        = "Web Design on a Shoestring",
  publisher    = "New Riders",
  year         = "2004",
  address      = "Indianapolis",
  note         = "Inhaltlich breit angelegtes Buch darüber, wie man auch mit einem kleinen Budget eine gute Website aufbauen kann. Sehr angenehm und verständlich zu lesen."
}

@book{essential-gimp,
  author       = "Hammel, Michael J.",
  title        = "Essential GIMP for Web Professional",
  publisher    = "Prentice Hall",
  year         = "2001",
  address      = "Upper Saddle River",
  note         = "Umfangreiche Einführung in die Bildbearbeitung mit GIMP mit Fokus auf Bildbearbeitung fürs Web."
}
@book{first-things-first,
  author    = "Covey, Stephen R. and Merrill, A.~Roger and Merrill, Rebecca R.",
  title     = "First Things First: To Live, to Love, to Learn, to Leave a Legacy (Der Weg zum Wesentlichen. Zeitmanagement der vierten Generation.)",
  publisher = "Fireside",
  year      = "1995",
  address   = "New York",
  note      = "\emph{Das} Buch zum Zeitmanagement der vierten Generation. Sehr amerikanisch und motivierend. Leider etwas weitschweifig und unübersichtlich aufgebaut."
}

@book{momo,
  author    = "Ende, Michael",
  title     = "Momo oder Die seltsame Geschichte von den Zeit-Dieben und von dem Kind, das den Menschen die gestohlene Zeit zurückbrachte",
  publisher = "Thienemanns",
  year      = "1973",
  address   = "Stuttgart",
  note      = "Eine wunderschöne Geschichte über das Zeit-Haben und Zeit-Sparen."
}

@book{unendliche-geschichte,
  author    = "Ende, Michael",
  title     = "Die unendliche Geschichte",
  publisher = "Thienemanns",
  year      = "1979",
  address   = "Stuttgart",
  note      = "Eine ebenfalls wunderschöne Geschichte über einen Jungen, der sein wirkliches Selbst findet und dabei eine ganze Welt verändert (und rettet)."
}

@article{uebermuedete-gesellschaft,
  author    = "Kerber, Bürbel",
  title     = "Die übermüdete {Gesellschaft}",
  journal   = "Psychologie heute",
  publisher = "Beltz",
  month     = "August",
  year      = "2001",
  address   = "Weinheim",
  note      = "Interessanter Artikel darüber, warum zu wenig Schlaf dumm, unkreativ und krank macht."
}

@book{entdeckung-der-langsamkeit,
  author    = "Nadolny, Sten",
  title     = "Die Entdeckung der Langsamkeit",
  publisher = "Piper",
  year      = "1987",
  address   = "München",
  note      = "Die Geschichte des britischen Nordpolfahrers John Franklyn~-- und eine auch ebenfalls wunderschöne Geschichte über die Kunst der Langsamkeit, die Bedächtigkeit und den vorsichtigen Umgang mit sich selber und den Dingen. Und die Geschichte eines Menschen, der das macht, was ihm am meisten Spaß macht, und dabei etwas Großes leistet."
}

@book{major-in-success,
  author    = "Combs, Patrick",
  title     = "Major in Success: Make College Easier, Fire Up Your Dreams, and Get a Very Cool Job",
  publisher = "Ten Speed Press",
  year      = "2000",
  edition   = "3.",
  address   = "Berkeley",
  note      = "Dieses Buch beschreibt, wie man das machen kann, was einem wirklich Spaß macht, und dadurch noch einen coolen Job bekommt. Extrem motivierend!"
}

@book{trainingsbuch,
  author    = "Nickelsburg, Angelika K.",
  title     = "Vom Zeitbesitzer zum Zeitnutzer: Wege zum befriedigenden Umgang mit dem Faktor Zeit~-- Ein Trainingsbuch",
  publisher = "Friedrich-Ebert-Stiftung, Godesberger Allee 149, 53170 Bonn",
  year      = "1998",
  edition   = "2.",
  address   = "Bonn",
  note      = "Sehr praktisch orientierte und knappe Einführung in das Zeitmanagement. Brauchbar und sehr günstig."
}

@book{motivation,
  author    = "Sprenger, Reinhard K.",
  title     = "30 Minuten für mehr Motivation",
  publisher = "Gabal",
  year      = "1999",
  address   = "Offenbach",
  note      = "Ein kleines feines Büchlein darüber, wie man sich und andere kurz- und langfristig motivieren kann~-- und auch darüber, wie man mit demotivierenden Situationen fertig werden kann. Ein Kapitel beschäftigt sich außerdem mit Commitment."
}

@book{tempus-manual-1,
  author    = "Knoblauch, Jörg",
  title     = "Aufbruch zur Gelassenheit \ldots Die Gebrauchsanleitung für Ihrem tempus.",
  publisher = "tempus",
  year      = "1999",
  address   = "Giengen",
  note      = "Sehr brauchbare Anleitung zur Benutzung eines Papier-Organizers."
}

@book{optimales-zeitmanagement,
  author    = "Seiwert, Lothar J.",
  title     = "30 Minuten für optimales Zeitmanagement",
  publisher = "Gabal",
  year      = "2002",
  edition   = "4.",
  address   = "Offenbach",
  note      = "Eine sehr kompakte Einführung in das Zeitmanagement, die die wesentlichen Punkte erfasst, dabei allerdings sehr an der Oberfläche bleibt."
}

@book{zeitmanagement-fuer-chaoten,
  author    = "Seiwert, Lothar J. and Müller, Horst and Labaek-Noeller, Anette",
  title     = "30 Minuten Zeitmanagement für Chaoten",
  publisher = "Gabal",
  year      = "2000",
  edition   = "3.",
  address   = "Offenbach",
  note      = "Zeitmanagement light für Menschen, die eigentlich kein Zeitmanagement wollen. Völlig nutzlos, wenn man schon irgendein gutes Buch über Zeitmanagement gelesen hat. Ich habe dieses Buch hier nur aufgeführt, damit es sich niemand aus Versehen kauft."
}

@book{tempus-manual-2,
  author    = "Knoblauch, Jürg",
  title     = "Tipps für tempus-VIPs: 66 Müglichkeiten, Ihren Organizer noch effektiver zu nutzen",
  publisher = "tempus",
  year      = "1996",
  address   = "Giengen",
  note      = "Die Fortsetzung der Anleitung zum tempus-Organizer. Im Großen und Ganzen eine Sammlung von Tipps, einige davon ganz brauchbar, viele aber auch unnötig oder trivial."
}


@book{wenn-du-es-eilig-hast,
  author    = "Seiwert, Lothar J.",
  title     = "Wenn Du es eilig hast, gehe langsam: Das neue Zeitmanagement in einer beschleunigten Welt~-- Sieben Schritte zur Zeitsouveränität und Effektivität",
  publisher = "Campus",
  year      = "2001",
  edition   = "7.",
  address   = "Frankfurt am Main",
  note      = "Ein sehr gutes deutsches Buch, das umfangreich sehr viele Bereiche des Zeitmanagements zusammenbringt."
}

@book{simplify-your-life,
  author    = "Küstenmacher, Werner \glqq Tiki\grqq",
  title     = "Simplify Your Life: Einfacher und glücklicher leben: Die sieben Wege zu einem Leben ohne Ballast",
  publisher = "Campus",
  year      = "2002",
  edition   = "7.",
  address   = "Frankfurt am Main",
  note      = "Weniger ein Buch über Zeitmanagement als über persönliche Lebensorganisation. Sehr ermutigend und positiv stimmend. Genau die richtige Lektüre, wenn man das Gefühl hat, das eigene Leben sei ein einziges Chaos."
}

@book{time-management-for-dummies,
  author    = "Mayer, Jeffrey J.",
  title     = "Time Management for Dummies",
  publisher = "IDG Books",
  year      = "1999",
  edition   = "2nd",
  address   = "Foster City",
  note      = "Dieses Buch beschreibt Zeitmanagement eher kurz, befasst sich dafür aber ausführlicher und sehr praktisch mit der Organisation des persünlichen Arbeitsplatzes. Viel Augenmerk legt das Buch auch auf Produktivität steigernde Software."
}

@book{erfolgsteams,
  author    = "Bergmann, Ulrike",
  title     = "Erfolgsteams: Der ungewöhnliche Weg, berufliche und persönliche Ziele zu erreichen",
  publisher = "mvg",
  year      = "1998",
  edition   = "2.",
  address   = "Landsberg am Lech",
  note      = "Dieses Buch beschreibt einen Weg, wie man zusammen mit anderen Menschen sich gegenseitig beim Erreichen von wichtigen Zielen unterstützen kann. Sehr motivierend, allerdings etwas unübersichtlich strukturiert."
}

@book{zeitreisegeschichten,
  author    = "Jeschke (Hrsg.), Wolfgang",
  title     = "Die Gehäuse der Zeit: Die besten Zeitreisegeschichten aller Zeiten",
  publisher = "Heyne",
  year      = "1985",
  address   = "München",
  note      = "Eine Sammlung teils sehr guter Kurzgeschichten über Zeitreisen im weitesten Sinne. Sehr unterhaltsam."
}

@misc{murmeltier,
  author    = "Ramis (Regie), Harold",
  title     = "\emph{Und täglich grüßt das Murmeltier}",
  year      = "1993",
  note      = "Sehr unterhaltsamer Kultfilm über einen Mann, der in einer Zeitschleife gefangen ist und den gleichen Tag immer wieder erlebt."
}

@book{zeitmanagement-mit-handheld,
  author       = "Knoblauch, Jörg and Wöltje, Holger",
  title        = "Zeitmanagement: Perfekt organisieren mit Zeitplaner und Handheld",
  publisher    = "Haufe",
  year         = "2006",
  edition      = "2.",
  address      = "Freiburg i. B.",
  note         = "Nach einer recht guten Einführung in die allgemeinen Prinzipien des Zeitmanagements beschreibt dieses Buch ausführlich und mit vielen Beispielen die Vor- und Nachteile von Papierorganizern und elektronischen Organizern sowie die Möglichkeiten, beides zu kombinieren. Weiterhin bietet das Buch einige Empfehlungen zu Software auf dem Palm sowie auf Windows-CE-Gerüten. Leider bleiben Desktop-Programme fast komplett außen vor, und das iPhone kommt auch nicht vor."
}

@book{obda,
  author       = "Beutelspacher, Albrecht",
  title        = "Das ist o.B.d.A. trivial!",
  publisher    = "Vieweg",
  year         = "2006",
  edition      = "8.",
  address      = "Braunschweig",
  note         = "Pflichtlektüre über gute mathematische Ausdrucksweise."
}

@book{mathe-humor,
  author       = "Wille, Friedrich",
  title        = "Humor in der Mathematik",
  publisher    = "Vandenhoeck \& Ruprecht",
  year         = "2005",
  edition      = "5.",
  address      = "Güttingen",
  note         = "Lustiges und Unterhaltsames rund um die Mathematik."
}

@book{schule-des-denkens,
  author       = "Polya, Georg",
  title        = "Schule des Denkens. Vom Lösen mathematischer Probleme",
  publisher    = "Francke",
  year         = "1995",
  edition      = "4.",
  note         = "Ausführliches Buch darüber, wie man mathematische Probleme strategisch günstig angehen kann. Dies ist die deutsche Übersetzung von \cite{solve-it}"
}

@book{solve-it,
  author       = "Polya, Georg",
  title        = "How to Solve It. A New Aspect of Mathematical Method",
  year         = "2004",
  publisher    = "Princeton University Press",
  note         = "Ausführliches Buch darüber, wie man mathematische Probleme strategisch günstig angehen kann. Dies ist die englische Originalausgabe."
}

@book{prove-it,
  author       = "Velleman, Daniel J.",
  title        = "How to Prove It. A Structured Approach",
  edition      = "2.",
  year         = "2006",
  publisher    = "Cambridge University Press",
  note         = "Sehr gutes Buch darüber, wie man Beweise führt. Wie der Polya, aber halt auf Beweise spezialisiert. Wenn ihr euch nur eins der beiden Bücher kaufen möchtet, dann kauft euch eher den Polya."
}

@book{miteinander-reden-1,
  author       = "Schulz von Thun, Friedemann",
  title        = "Miteinander reden, Band 1: Stärungen und Klärungen",
  publisher    = "Rowohlt",
  year         = "1981",
  note         = "\emph{Der} Klassiker zum Thema Kommunikation. Kommt aus heutiger Sicht etwas sozialpädagogisch daher, ist aber trotzdem immer noch aktuell."
}

@article{red-pen,
  author       = "Schuster, J. Mark",
  title        = "Never User A Red Pen \ldots and other maxims for reflective teaching",
  journal      = "Journal of Policy Analysis and Management",
  year         = "1998",
  volume       = "17",
  issue        = "2",
  pages        = "322--333",
  month        = "Dezember",
  note         = "Sehr gute Tipps rund um die Lehre (mit Kleingruppen) im Bereich der Naturwissenschaften. Leider ist der Artikel relativ teuer (25 US-\$)."
}

@booklet{fackel-oder-funzel,
  author       = "Fels, Marten",
  title        = "{Der Tutor: Fackel oder Funzel?~-- ein Leitfaden für Übungsgruppenleiter}",
  year         = "1996",
  address      = "Bonn",
  publisher    = "Fachschaft Informatik an der Uni Bonn",
  note         = "Den größten Teil des Buches bildet eine deutsche Übersetzung von \emph{Torch or Firehose}. Ist etwas lebensnäher als die andere übersetzung. Bezieht sich leider noch auf die erste Auflage des Originals."
}

@booklet{torch-or-firehose-eggert,
  author       = "Eggert, Tobias",
  title        = "The Torch or the Firehose~-- {ein Leitfaden für Übungsgruppenleiter}",
  year         = "1999",
  address      = "München",
  publisher    = "Physik-Department der TU München",
  howpublished = "\url{http://users.physik.tu-muenchen.de/teggert/torch/}",
  note         = "Den größten Teil des Buches bildet eine deutsche Übersetzung von \emph{Torch or Firehose}. Ist etwas weniger lebensnah als die andere Übersetzung. Bezieht sich allerdings schon auf die zweite Auflage des Originals."
}

@booklet{tutor-leitfaden,
  author       = "Rometsch, Ute and Moßner, Sandra",
  title        = "{Leitfaden für Tutorinnen und Tutoren~-- ein Best-Practice-Band}",
  year         = "2006",
  address      = "Berlin",
  publisher    = "Technische Universität Berlin, Zentraleinrichtung Kooperation (ZEK)",
  howpublished = "\url{http://www2.tu-berlin.de/zek/wb/Tutorleitfaden.pdf}",
  note         = "Ganz nett, aber ziemlich kurz und oberflächlich."
}

@booklet{tutorenschulung-kassel,
  author       = "Burmester, Jeanette and Grüning, Barbara and Kolberg, Angela and von der Marwitz, Joachim and Rohde, Susanne and Scherer, Jens and Schleef, Mirko and Schmidt, Gabi and Textor, Roy and Buhr, Joachim",
  title        = "{Reader zur Tutorenschulung Kassel}",
  year         = "1998",
  edition      = "5.",
  address      = "Kassel",
  publisher    = "Universität Gesamthochschule Kassel",
  howpublished = "\url{http://iv.tu-berlin.de/comm/ak/Dokumente/Hochschuldidaktik/Reader%20Tutorenschulung%20Kassel.pdf}",
  note         = "Sehr umfangreich und \emph{extrem} gut. Der Hammer!"
}

@book{teaching-engineering,
  author       = "Wankat, Phillip C. and Oreovicz, Frank S.",
  title        = "Teaching Engineering",
  year         = "1993",
  publisher    = "McGraw-Hill"
}

@booklet{torch-or-firehose,
  author       = "Mattuck, Arthur",
  title        = "The Torch or the Firehose: A Guide for Section Teaching",
  edition      = "3.",
  year         = "2007",
  address      = "Massachusetts",
  publisher    = "MIT Teaching and Learning Laboratory",
  howpublished = "\url{https://ocw.mit.edu/resources/res-18-004-the-torch-or-the-firehose-a-guide-to-section-teaching-spring-2009/}",
  note         = "Das Original!"
}

@book{ideen-der-informatik,
  author       = "Schöning, Uwe",
  title        = "Ideen der Informatik. Grundlegende Modelle und Konzepte",
  year         = "2006",
  address      = "München",
  publisher    = "Oldenbourg",
  note         = "Vermitteln Konzepte der theoretischen Informatik ausgezeichnet verständlich, alledings ohne dabei allzusehr in die Tiefe zu gehen."
}

@book{mathe-westentasche,
  author       = "Beutelspacher, Albrecht",
  title        = "Mathematik für die Westentasche",
  publisher    = "Piper",
  year         = "2001",
  edition      = "2.",
  address      = "München",
  note         = "Sozusagen die Miniversion von \cite{in-mathe-war-ich-immer-schlecht}. Wenn ihr \cite{in-mathe-war-ich-immer-schlecht} habt, braucht ihr dieses Buch nicht."
}

@book{in-mathe-war-ich-immer-schlecht,
  author       = "Beutelspacher, Albrecht",
  title        = "In Mathe war ich immer schlecht \ldots",
  publisher    = "Vieweg",
  year         = "2001",
  edition      = "3.",
  address      = "Braunschweig",
  note         = "Nettes Buch, das ein paar Themen der Mathematik leicht verständlich darstellt."
}

@book{denken-lernen-vergessen,
  author       = "Vester, Frederic",
  title        = "Denken, Lernen, Vergessen",
  publisher    = "dtv",
  year         = "1998",
  address      = "Stuttgart",
  note         = "Bahnbrechendes Buch darüber, wie Lernen im Gehirn funktioniert und wie man den Lernprozess unterstützen kann. Inzwischen ist ein sehr ähnliches, aktuelleres Buch herausgekommen: \cite{kopf}"
}

@book{kopf,
  author       = "Schachl, Hans",
  title        = "Was haben wir im Kopf? Die Grundlage für gehirngerechtes Lehren und Lernen",
  publisher    = "Veritas",
  year         = "2006",
  edition      = "2.",
  address      = "Linz",
  note         = "Augen öffnendes Buch darüber, was beim Lernen im Hirn passiert und was man beim Lehren und Lernen beachten sollte. Unbedingt anschaffen!"
}

@book{lernen-zu-lernen,
  author       = "Metzig, Werner and Schuster, Martin",
  title        = "Lernen zu lernen. Lernstrategien wirkungsvoll einsetzen",
  publisher    = "Springer",
  year         = "2005",
  edition      = "7.",
  address      = "Berlin",
  note         = "Gutes Buch über über Lern- und Arbeitstechniken."
}

@book{workshop-buch,
  author       = "Lipp, Ulrich and Will, Hermann",
  title        = "Das große Workshop-Buch",
  publisher    = "Beltz",
  year         = "2008",
  edition      = "8.",
  address      = "Weinheim",
  note         = "Ausgezeichnetes, sehr praxisnahes Buch über die Planung und Leitung von Workshops und Seminaren."
}

@book{moderationstechniken,
  author       = "Malorny, Christian and Langner, Marc Alexander",
  title        = "Moderationstechniken",
  publisher    = "Hanser",
  year         = "2007",
  edition      = "3.",
  address      = "München",
  note         = "Feines Taschenbüchlein, um auf einem Seminar schnell noch mal ein paar Methoden nachzuschlagen, die man vorher schon gelernt hat."
}

@book{visualisieren-praesentieren-moderieren,
  author       = "Seifert, Josef W.",
  title        = "Visualisieren. Präsentieren. Moderieren",
  publisher    = "Gabal",
  year         = "2007",
  edition      = "23.",
  address      = "Offenbach",
  note         = "\emph{Das} Standardwerk über Workshopgestaltung und Besprechungsmoderation."
}

@book{algorithms,
  author       = "Cormen, Thomas H. and Leiserson, Charles E and Rivest, Ronald L. and Stein, Clifford",
  title        = "Introduction to Algorithms",
  publisher    = "MIT Press",
  year         = "2003",
  edition      = "2nd",
  address      = "London"
}

@book{fundamentalisten,
  author       = "Schleichert, Hubert",
  title        = "Wie man mit Fundamentalisten diskutiert, ohne den Verstand zu verlieren",
  publisher    = "C.~H.~Beck",
  year         = "1999",
  address      = "München"
}

@book{galgenlieder,
  author       = "Morgenstern, Christian",
  title        = "Galgenlieder",
  publisher    = "Piper",
  year         = "2002",
  address      = "München"
}

@book{reimtopf,
  author       = "Dahl, Roald",
  title        = "Reimtopf",
  publisher    = "Rowohlt",
  year         = "1990",
  address      = "Reinbek"
}

@book{max-und-moritz,
  author       = "Busch, Wilhelm",
  title        = "Max und Moritz",
  publisher    = "Garant",
  year         = "2005"
}

@book{brenneisen,
  author       = "Brenneisen, Wolfgang",
  title        = "Max und Moritz",
  publisher    = "Heyne",
  year         = "1994",
  address      = "München"
}

@book{der-liebe-ziel,
  author       = "Meinhold (Hrsg.), Peter",
  title        = "Der Liebe Ziel ist wonniglich",
  publisher    = "Rowohlt",
  year         = "1987",
  address      = "München"
}

@book{anhalter,
  author       = "Adams, Douglas",
  title        = "Per Anhalter durch die Galaxis",
  publisher    = "Heyne",
  year         = "2001",
  address      = "München"
}

@book{science-of-breath,
  author       = "Yogi Ramacharaka",
  title        = "Science of Breath",
  publisher    = "Cosimo Classics",
  year         = "2007"
}

@misc{treibhaeuser-der-zukunft,
  author       = "Reinhard Kahl",
  title        = "{Treibhäuser der Zukunft: Wie in Deutschland Schulen gelingen}",
  publisher    = "Archiv der Zukunft",
  edition      = "3.",
  year         = "2006",
  note         = "Doku (DVD mit Begleitbuch) über Schulen in Deutschland, in denen Lernen sehr anders abläuft und wo SchülerInnen in ihrem eigene Tempo lernen können. Diese Doku verändert, wie man Schule und Unterricht sieht."
}

@book{presentation-zen,
  author       = "Reynolds, Garr",
  title        = "Presentation Zen",
  publisher    = "New Riders",
  year         = "2008",
  address      = "Berkeley"
}

@book{bikablo,
  author       = "Haßmann, Martin \and Scholz, Holger",
  title        = "bikablo~-- Das Trainerwörterbuch der Bildsprache",
  publisher    = "Neuland",
  year         = "2007",
  edition      = "2.",
  address      = "Eichenzell"
}

@book{getting-things-done,
  author       = "Allen, David",
  title        = "Getting Things Done: The Art of Stress-Free Productivity",
  publisher    = "Penguin",
  year         = "2001",
  address      = "New York",
  note         = "Revolutionäres Buch über ein Top-Down-Zeitmanagement, das extrem viel bringt, um im täglichen Leben nicht den Überblick zu verlieren."
}

@book{getting-things-done-german,
  author       = "Allen, David",
  title        = "{Wie ich die Dinge geregelt kriege: Selbstmanagement für den Alltag}",
  publisher    = "Piper",
  edition      = "10.",
  year         = "2007",
  note         = "Die deutsche Übersetzung von \emph{Getting Things Done}."
}

@book{napkin,
  author       = "Roman, Dan",
  title        = "The Back of the Napkin",
  publisher    = "Portfolio",
  year         = "2008"
}

@book{bikablo-2,
  author       = "Scholz, Holger \and Haussmann, Martin",
  title        = "{bikablo 2.0: Neue Bilder für Meeting, Training \& Learning}",
  publisher    = "Neuland",
  edition      = "3.",
  address      = "Eichenzell",
  year         = "2010"
}

@book{bikablo-emotions,
  author       = "Haussmann, Martin",
  title        = "bikablo emotions",
  publisher    = "Scholz \& Vesper GbR",
  year         = "2011"
}

@book{it-trainer,
  author       = "Rinke, Michael",
  title        = "{Der IT-Trainer: Trainingshandbuch für Einsteiger und Profis}",
  publisher    = "Addison-Wesley",
  year         = "2000"
}

@book{difficult-conversations,
  author       = "Stone, Douglas and Patton, Bruce and Heen, Sheila",
  title        = "{Difficult Conversations: How to Discuss What Matters Most}",
  publisher    = "Penguin Books",
  year         = "2000"
}

@book{gfk-rosenberg,
  author       = "Rosenberg, Marshall B.",
  title        = "{Gewaltfreie Kommunikation: Eine Sprache des Lebens}",
  publisher    = "Junfermann Verlag",
  edition      = "12. Auflage",
  address      = "Paderborn",
  year         = "2016"
}

@book{nvc-rosenberg,
  author       = "Rosenberg, Marshall B.",
  title        = "{Nonviolent Communication: A Language of Life}",
  publisher    = "Puddle Dancer Press",
  edition      = "2. Auflage",
  address      = "Encinitas",
  year         = "2003"
}

@book{gfk-dummies,
  author       = "Weckert, Al",
  title        = "{Gewaltfreie Kommunikation für Dummies}",
  publisher    = "Wiley",
  address      = "Weinheim",
  year         = "2014"
}

@book{we-can-work-it-out,
  author       = "Rosenberg, Marshall B.",
  title        = "{We Can Work It Out: Resolving Conflicts Peacefully and Powerfully}",
  publisher    = "Puddle Dancer Press",
  address      = "Encinitas",
  year         = "2003"
}

@book{being-me-loving-you,
  author       = "Rosenberg, Marshall B.",
  title        = "{Being Me, Loving You: A Practical Guide to Etraordinary Relationships}",
  publisher    = "Puddle Dancer Press",
  edition      = "2nd",
  address      = "Encinitas",
  year         = "2005"
}
